@book{compendium,
    author={Magne H. Jognsen},
    title={TTT4275- Estimation, detection and classifying: Compendium in classification for TTT4275},
    year={2017}
}
